
@article{kearns2002sparse,
  title={A sparse sampling algorithm for near-optimal planning in large Markov decision processes},
  author={Kearns, Michael and Mansour, Yishay and Ng, Andrew Y},
  journal={Machine learning},
  volume={49},
  number={2-3},
  pages={193--208},
  year={2002},
  publisher={Springer}
}

@inproceedings{kocsis2006bandit,
  title={Bandit based monte-carlo planning},
  author={Kocsis, Levente and Szepesv{\'a}ri, Csaba},
  booktitle={European conference on machine learning},
  pages={282--293},
  year={2006},
  organization={Springer}
}

@incollection{gordon1995stable,
  title={Stable function approximation in dynamic programming},
  author={Gordon, Geoffrey J},
  booktitle={Machine Learning Proceedings 1995},
  pages={261--268},
  year={1995},
  publisher={Elsevier}
}